@article{Anderson2010,
  author    = {Carl A. Anderson and Fredrik H. Pettersson and Geraldine M. Clarke and Lon R. Cardon and Andrew P. Morris and Krina T. Zondervan},
  title     = {Data quality control in genetic case-control association studies},
  journal   = {Nature Protocols},
  volume    = {5},
  number    = {9},
  pages     = {1564--1573},
  year      = {2010},
  doi       = {10.1038/nprot.2010.116},
  pmid      = {21085122},
  url       = {https://www.nature.com/articles/nprot.2010.116}
}

@article{Wigginton2005,
  author    = {Janis E. Wigginton and David J. Cutler and Gonçalo R. Abecasis},
  title     = {A Note on Exact Tests of Hardy-Weinberg Equilibrium},
  journal   = {The American Journal of Human Genetics},
  volume    = {76},
  number    = {5},
  pages     = {887--893},
  year      = {2005},
  doi       = {10.1086/429864},
  pmid      = {15789306},
  url       = {https://www.cell.com/ajhg/fulltext/S0002-9297(07)61352-4}
}

@article{Pavan2020,
  author    = {Stefano Pavan and Chiara Delvento and Luigi Ricciardi and Concetta Lotti and Elena Ciani and Nunzio D’Agostino},
  title     = {Recommendations for Choosing the Genotyping Method and Best Practices for Quality Control in Crop Genome-Wide Association Studies},
  journal   = {Frontiers in Genetics},
  volume    = {11},
  pages     = {447},
  year      = {2020},
  doi       = {10.3389/fgene.2020.00447},
  pmid      = {32587600},
  url       = {https://www.frontiersin.org/articles/10.3389/fgene.2020.00447/full}
}

@article{Lu2013,
  author    = {Lu, Feng and Lipka, Alexander E. and Glaubitz, Jeffrey and Elshire, Robert J. and Cherney, Jerome H. and Casler, Michael D. and Buckler, Edward S. and Costich, Denise E.},
  title     = {Switchgrass Genomic Diversity, Ploidy, and Evolution: Novel Insights from a Network-Based SNP Discovery Protocol},
  journal   = {PLoS Genetics},
  volume    = {9},
  number    = {1},
  pages     = {e1003215},
  year      = {2013},
  doi       = {10.1371/journal.pgen.1003215},
  url       = {https://journals.plos.org/plosgenetics/article?id=10.1371/journal.pgen.1003215}
}

